{
  "leader": "00835nam a2200253Ii 4500",
  "fields": [
    {
      "001": "bslw09817122"
    },
    {
      "003": "UtOrBLW"
    },
    {
      "005": "20211007151500.0"
    },
    {
      "008": "211007s1989\\\\\\\\ch\\a\\\\\\\\\\\\\\\\\\\\000\\0beng\\u"
    },
    {
      "040": {
        "ind1": "\\",
        "ind2": "\\",
        "subfields": [
          {
            "a": "UtOrBLW"
          },
          {
            "b": "eng"
          },
          {
            "e": "rda"
          },
          {
            "c": "UtOrBLW"
          }
        ]
      }
    },
    {
      "041": {
        "ind1": "1",
        "ind2": "\\",
        "subfields": [
          {
            "a": "eng"
          },
          {
            "a": "chi"
          }
        ]
      }
    },
    {
      "043": {
        "ind1": "\\",
        "ind2": "\\",
        "subfields": [
          {
            "a": "a-cc---"
          }
        ]
      }
    },
    {
      "082": {
        "ind1": "0",
        "ind2": "4",
        "subfields": [
          {
            "a": "610.92"
          },
          {
            "b": "DRJ"
          }
        ]
      }
    },
    {
      "245": {
        "ind1": "0",
        "ind2": "0",
        "subfields": [
          {
            "a": "Dr. J. Heng Liu and medical and health development in China /"
          },
          {
            "c": "edited by Irene Ssu-chin Liu Hou."
          }
        ]
      }
    },
    {
      "264": {
        "ind1": "\\",
        "ind2": "1",
        "subfields": [
          {
            "a": "[Taibei Shi] :"
          },
          {
            "b": "[Taiwan shang wu yin shu guan],"
          },
          {
            "c": "[1989]"
          }
        ]
      }
    },
    {
      "300": {
        "ind1": "\\",
        "ind2": "\\",
        "subfields": [
          {
            "a": "373 pages :"
          },
          {
            "b": "illustrations ;"
          },
          {
            "c": "26 cm"
          }
        ]
      }
    },
    {
      "336": {
        "ind1": "\\",
        "ind2": "\\",
        "subfields": [
          {
            "a": "text"
          },
          {
            "b": "txt"
          },
          {
            "2": "rdacontent"
          }
        ]
      }
    },
    {
      "337": {
        "ind1": "\\",
        "ind2": "\\",
        "subfields": [
          {
            "a": "unmediated"
          },
          {
            "b": "n"
          },
          {
            "2": "rdamedia"
          }
        ]
      }
    },
    {
      "338": {
        "ind1": "\\",
        "ind2": "\\",
        "subfields": [
          {
            "a": "volume"
          },
          {
            "b": "nc"
          },
          {
            "2": "rdacarrier"
          }
        ]
      }
    },
    {
      "546": {
        "ind1": "\\",
        "ind2": "\\",
        "subfields": [
          {
            "a": "Text in Chinese and English."
          }
        ]
      }
    },
    {
      "600": {
        "ind1": "1",
        "ind2": "0",
        "subfields": [
          {
            "a": "Liu, Ruiheng,"
          },
          {
            "d": "1890-1961."
          }
        ]
      }
    },
    {
      "650": {
        "ind1": "\\",
        "ind2": "0",
        "subfields": [
          {
            "a": "Physicians"
          },
          {
            "z": "China"
          },
          {
            "v": "Biography."
          }
        ]
      }
    },
    {
      "700": {
        "ind1": "1",
        "ind2": "\\",
        "subfields": [
          {
            "a": "Liu, Sijin,"
          },
          {
            "d": "1929-"
          },
          {
            "e": "editor."
          }
        ]
      }
    },
    {
      "999": {
        "ind1": "\\",
        "ind2": "\\",
        "subfields": [
          {
            "a": "00000000012370"
          }
        ]
      }
    }
  ]
}